%YAML 1.1
%TAG !u! tag:unity3d.com,2011:
--- !u!114 &364578987
MonoBehaviour:
  m_ObjectHideFlags: 0
  m_CorrespondingSourceObject: {fileID: 0}
  m_PrefabInstance: {fileID: 0}
  m_PrefabAsset: {fileID: 0}
  m_GameObject: {fileID: 2075529801338084708}
  m_Enabled: 1
  m_EditorHideFlags: 0
  m_Script: {fileID: 11500000, guid: ec62a03ea7659144eb513a07e7f9f368, type: 3}
  m_Name: 
  m_EditorClassIdentifier: 
  onTrophyDisplayed:
    m_PersistentCalls:
      m_Calls: []
  button: {fileID: 2589866116605005047}
  onDisplayClick:
    m_PersistentCalls:
      m_Calls: []
  onRankSet:
    m_PersistentCalls:
      m_Calls:
      - m_Target: {fileID: 364578988}
        m_TargetAssemblyTypeName: 
        m_MethodName: Display
        m_Mode: 0
        m_Arguments:
          m_ObjectArgument: {fileID: 0}
          m_ObjectArgumentAssemblyTypeName: UnityEngine.Object, UnityEngine
          m_IntArgument: 0
          m_FloatArgument: 0
          m_StringArgument: 
          m_BoolArgument: 0
        m_CallState: 2
  onScoreSet:
    m_PersistentCalls:
      m_Calls:
      - m_Target: {fileID: 3446097768195729123}
        m_TargetAssemblyTypeName: 
        m_MethodName: Convert
        m_Mode: 0
        m_Arguments:
          m_ObjectArgument: {fileID: 0}
          m_ObjectArgumentAssemblyTypeName: UnityEngine.Object, UnityEngine
          m_IntArgument: 0
          m_FloatArgument: 0
          m_StringArgument: 
          m_BoolArgument: 0
        m_CallState: 2
--- !u!114 &364578990
MonoBehaviour:
  m_ObjectHideFlags: 0
  m_CorrespondingSourceObject: {fileID: 0}
  m_PrefabInstance: {fileID: 0}
  m_PrefabAsset: {fileID: 0}
  m_GameObject: {fileID: 2075529801338084708}
  m_Enabled: 1
  m_EditorHideFlags: 0
  m_Script: {fileID: 11500000, guid: 0e9312931cdcc0e4db86aed9d7a5930d, type: 3}
  m_Name: 
  m_EditorClassIdentifier: 
  values: {fileID: 11400000, guid: a52a30d064a68224b90b83661cbf1956, type: 2}
  target: {fileID: 2075529801338084634}
--- !u!114 &364578988
MonoBehaviour:
  m_ObjectHideFlags: 0
  m_CorrespondingSourceObject: {fileID: 0}
  m_PrefabInstance: {fileID: 0}
  m_PrefabAsset: {fileID: 0}
  m_GameObject: {fileID: 2075529801706498035}
  m_Enabled: 1
  m_EditorHideFlags: 0
  m_Script: {fileID: 11500000, guid: 01d26c6ca38dcef41a426ab4288953dc, type: 3}
  m_Name: 
  m_EditorClassIdentifier: 
  values: {fileID: 11400000, guid: 3599bd7efc558914cbed033f10b3ff6a, type: 2}
  target: {fileID: 2075529801706498033}
--- !u!1001 &1144533643703838816
PrefabInstance:
  m_ObjectHideFlags: 0
  serializedVersion: 2
  m_Modification:
    m_TransformParent: {fileID: 0}
    m_Modifications:
    - target: {fileID: 1382587576682886404, guid: 08767c95c56b0c44caad448025837195, type: 3}
      propertyPath: m_Name
      value: BaloonTrophyButton
      objectReference: {fileID: 0}
    - target: {fileID: 1382587576682886405, guid: 08767c95c56b0c44caad448025837195, type: 3}
      propertyPath: m_Pivot.x
      value: 0
      objectReference: {fileID: 0}
    - target: {fileID: 1382587576682886405, guid: 08767c95c56b0c44caad448025837195, type: 3}
      propertyPath: m_Pivot.y
      value: 1
      objectReference: {fileID: 0}
    - target: {fileID: 1382587576682886405, guid: 08767c95c56b0c44caad448025837195, type: 3}
      propertyPath: m_RootOrder
      value: 0
      objectReference: {fileID: 0}
    - target: {fileID: 1382587576682886405, guid: 08767c95c56b0c44caad448025837195, type: 3}
      propertyPath: m_AnchorMax.x
      value: 0
      objectReference: {fileID: 0}
    - target: {fileID: 1382587576682886405, guid: 08767c95c56b0c44caad448025837195, type: 3}
      propertyPath: m_AnchorMax.y
      value: 1
      objectReference: {fileID: 0}
    - target: {fileID: 1382587576682886405, guid: 08767c95c56b0c44caad448025837195, type: 3}
      propertyPath: m_AnchorMin.x
      value: 0
      objectReference: {fileID: 0}
    - target: {fileID: 1382587576682886405, guid: 08767c95c56b0c44caad448025837195, type: 3}
      propertyPath: m_AnchorMin.y
      value: 1
      objectReference: {fileID: 0}
    - target: {fileID: 1382587576682886405, guid: 08767c95c56b0c44caad448025837195, type: 3}
      propertyPath: m_SizeDelta.x
      value: 75
      objectReference: {fileID: 0}
    - target: {fileID: 1382587576682886405, guid: 08767c95c56b0c44caad448025837195, type: 3}
      propertyPath: m_SizeDelta.y
      value: 75
      objectReference: {fileID: 0}
    - target: {fileID: 1382587576682886405, guid: 08767c95c56b0c44caad448025837195, type: 3}
      propertyPath: m_LocalPosition.x
      value: 0
      objectReference: {fileID: 0}
    - target: {fileID: 1382587576682886405, guid: 08767c95c56b0c44caad448025837195, type: 3}
      propertyPath: m_LocalPosition.y
      value: 0
      objectReference: {fileID: 0}
    - target: {fileID: 1382587576682886405, guid: 08767c95c56b0c44caad448025837195, type: 3}
      propertyPath: m_LocalPosition.z
      value: 0
      objectReference: {fileID: 0}
    - target: {fileID: 1382587576682886405, guid: 08767c95c56b0c44caad448025837195, type: 3}
      propertyPath: m_LocalRotation.w
      value: 1
      objectReference: {fileID: 0}
    - target: {fileID: 1382587576682886405, guid: 08767c95c56b0c44caad448025837195, type: 3}
      propertyPath: m_LocalRotation.x
      value: 0
      objectReference: {fileID: 0}
    - target: {fileID: 1382587576682886405, guid: 08767c95c56b0c44caad448025837195, type: 3}
      propertyPath: m_LocalRotation.y
      value: 0
      objectReference: {fileID: 0}
    - target: {fileID: 1382587576682886405, guid: 08767c95c56b0c44caad448025837195, type: 3}
      propertyPath: m_LocalRotation.z
      value: 0
      objectReference: {fileID: 0}
    - target: {fileID: 1382587576682886405, guid: 08767c95c56b0c44caad448025837195, type: 3}
      propertyPath: m_AnchoredPosition.x
      value: 22.5
      objectReference: {fileID: 0}
    - target: {fileID: 1382587576682886405, guid: 08767c95c56b0c44caad448025837195, type: 3}
      propertyPath: m_AnchoredPosition.y
      value: -22.5
      objectReference: {fileID: 0}
    - target: {fileID: 1382587576682886405, guid: 08767c95c56b0c44caad448025837195, type: 3}
      propertyPath: m_LocalEulerAnglesHint.x
      value: 0
      objectReference: {fileID: 0}
    - target: {fileID: 1382587576682886405, guid: 08767c95c56b0c44caad448025837195, type: 3}
      propertyPath: m_LocalEulerAnglesHint.y
      value: 0
      objectReference: {fileID: 0}
    - target: {fileID: 1382587576682886405, guid: 08767c95c56b0c44caad448025837195, type: 3}
      propertyPath: m_LocalEulerAnglesHint.z
      value: 0
      objectReference: {fileID: 0}
    - target: {fileID: 4612569800939086085, guid: 08767c95c56b0c44caad448025837195, type: 3}
      propertyPath: values
      value: 
      objectReference: {fileID: 11400000, guid: 0638dcf1270184549a51feacd47d528c, type: 2}
    m_RemovedComponents:
    - {fileID: 4612569800939086085, guid: 08767c95c56b0c44caad448025837195, type: 3}
    - {fileID: 7827434275159609931, guid: 08767c95c56b0c44caad448025837195, type: 3}
    - {fileID: 4187091021930793888, guid: 08767c95c56b0c44caad448025837195, type: 3}
  m_SourcePrefab: {fileID: 100100000, guid: 08767c95c56b0c44caad448025837195, type: 3}
--- !u!1 &2075529801338084708 stripped
GameObject:
  m_CorrespondingSourceObject: {fileID: 1382587576682886404, guid: 08767c95c56b0c44caad448025837195, type: 3}
  m_PrefabInstance: {fileID: 1144533643703838816}
  m_PrefabAsset: {fileID: 0}
--- !u!114 &2075529801338084634 stripped
MonoBehaviour:
  m_CorrespondingSourceObject: {fileID: 1382587576682886522, guid: 08767c95c56b0c44caad448025837195, type: 3}
  m_PrefabInstance: {fileID: 1144533643703838816}
  m_PrefabAsset: {fileID: 0}
  m_GameObject: {fileID: 2075529801338084708}
  m_Enabled: 1
  m_EditorHideFlags: 0
  m_Script: {fileID: 11500000, guid: fe87c0e1cc204ed48ad3b37840f39efc, type: 3}
  m_Name: 
  m_EditorClassIdentifier: 
--- !u!114 &2589866116605005047 stripped
MonoBehaviour:
  m_CorrespondingSourceObject: {fileID: 3175951199975023767, guid: 08767c95c56b0c44caad448025837195, type: 3}
  m_PrefabInstance: {fileID: 1144533643703838816}
  m_PrefabAsset: {fileID: 0}
  m_GameObject: {fileID: 2075529801338084708}
  m_Enabled: 1
  m_EditorHideFlags: 0
  m_Script: {fileID: 11500000, guid: 4e29b1a8efbd4b44bb3f3716e73f07ff, type: 3}
  m_Name: 
  m_EditorClassIdentifier: 
--- !u!1 &2075529801706498035 stripped
GameObject:
  m_CorrespondingSourceObject: {fileID: 1382587576447176595, guid: 08767c95c56b0c44caad448025837195, type: 3}
  m_PrefabInstance: {fileID: 1144533643703838816}
  m_PrefabAsset: {fileID: 0}
--- !u!114 &2075529801706498033 stripped
MonoBehaviour:
  m_CorrespondingSourceObject: {fileID: 1382587576447176593, guid: 08767c95c56b0c44caad448025837195, type: 3}
  m_PrefabInstance: {fileID: 1144533643703838816}
  m_PrefabAsset: {fileID: 0}
  m_GameObject: {fileID: 2075529801706498035}
  m_Enabled: 1
  m_EditorHideFlags: 0
  m_Script: {fileID: 11500000, guid: fe87c0e1cc204ed48ad3b37840f39efc, type: 3}
  m_Name: 
  m_EditorClassIdentifier: 
--- !u!114 &3446097768195729123 stripped
MonoBehaviour:
  m_CorrespondingSourceObject: {fileID: 2319579077064904323, guid: 08767c95c56b0c44caad448025837195, type: 3}
  m_PrefabInstance: {fileID: 1144533643703838816}
  m_PrefabAsset: {fileID: 0}
  m_GameObject: {fileID: 0}
  m_Enabled: 1
  m_EditorHideFlags: 0
  m_Script: {fileID: 11500000, guid: b683d7f228ea646458b080b1c71c1da4, type: 3}
  m_Name: 
  m_EditorClassIdentifier: 
