%YAML 1.1
%TAG !u! tag:unity3d.com,2011:
--- !u!1 &4409907375032303367
GameObject:
  m_ObjectHideFlags: 0
  m_CorrespondingSourceObject: {fileID: 0}
  m_PrefabInstance: {fileID: 0}
  m_PrefabAsset: {fileID: 0}
  serializedVersion: 6
  m_Component:
  - component: {fileID: 5071080906503966130}
  - component: {fileID: 6873453698199417236}
  - component: {fileID: 7722103990261497504}
  - component: {fileID: 3333566374580332921}
  m_Layer: 5
  m_Name: CloseButton
  m_TagString: Untagged
  m_Icon: {fileID: 0}
  m_NavMeshLayer: 0
  m_StaticEditorFlags: 0
  m_IsActive: 1
--- !u!224 &5071080906503966130
RectTransform:
  m_ObjectHideFlags: 0
  m_CorrespondingSourceObject: {fileID: 0}
  m_PrefabInstance: {fileID: 0}
  m_PrefabAsset: {fileID: 0}
  m_GameObject: {fileID: 4409907375032303367}
  m_LocalRotation: {x: -0, y: -0, z: -0, w: 1}
  m_LocalPosition: {x: 0, y: 0, z: 0}
  m_LocalScale: {x: 1, y: 1, z: 1}
  m_Children: []
  m_Father: {fileID: 8443941406165165165}
  m_RootOrder: 3
  m_LocalEulerAnglesHint: {x: 0, y: 0, z: 0}
  m_AnchorMin: {x: 1, y: 1}
  m_AnchorMax: {x: 1, y: 1}
  m_AnchoredPosition: {x: 0, y: 0}
  m_SizeDelta: {x: 80, y: 80}
  m_Pivot: {x: 0.5, y: 0.5}
--- !u!222 &6873453698199417236
CanvasRenderer:
  m_ObjectHideFlags: 0
  m_CorrespondingSourceObject: {fileID: 0}
  m_PrefabInstance: {fileID: 0}
  m_PrefabAsset: {fileID: 0}
  m_GameObject: {fileID: 4409907375032303367}
  m_CullTransparentMesh: 1
--- !u!114 &7722103990261497504
MonoBehaviour:
  m_ObjectHideFlags: 0
  m_CorrespondingSourceObject: {fileID: 0}
  m_PrefabInstance: {fileID: 0}
  m_PrefabAsset: {fileID: 0}
  m_GameObject: {fileID: 4409907375032303367}
  m_Enabled: 1
  m_EditorHideFlags: 0
  m_Script: {fileID: 11500000, guid: fe87c0e1cc204ed48ad3b37840f39efc, type: 3}
  m_Name: 
  m_EditorClassIdentifier: 
  m_Material: {fileID: 0}
  m_Color: {r: 1, g: 1, b: 1, a: 1}
  m_RaycastTarget: 1
  m_RaycastPadding: {x: 0, y: 0, z: 0, w: 0}
  m_Maskable: 1
  m_OnCullStateChanged:
    m_PersistentCalls:
      m_Calls: []
  m_Sprite: {fileID: -2091169949594151700, guid: 22ef2e9812e6f7746b16631dd85733ca, type: 3}
  m_Type: 0
  m_PreserveAspect: 0
  m_FillCenter: 1
  m_FillMethod: 4
  m_FillAmount: 1
  m_FillClockwise: 1
  m_FillOrigin: 0
  m_UseSpriteMesh: 0
  m_PixelsPerUnitMultiplier: 1
--- !u!114 &3333566374580332921
MonoBehaviour:
  m_ObjectHideFlags: 0
  m_CorrespondingSourceObject: {fileID: 0}
  m_PrefabInstance: {fileID: 0}
  m_PrefabAsset: {fileID: 0}
  m_GameObject: {fileID: 4409907375032303367}
  m_Enabled: 1
  m_EditorHideFlags: 0
  m_Script: {fileID: 11500000, guid: 4e29b1a8efbd4b44bb3f3716e73f07ff, type: 3}
  m_Name: 
  m_EditorClassIdentifier: 
  m_Navigation:
    m_Mode: 3
    m_WrapAround: 0
    m_SelectOnUp: {fileID: 0}
    m_SelectOnDown: {fileID: 0}
    m_SelectOnLeft: {fileID: 0}
    m_SelectOnRight: {fileID: 0}
  m_Transition: 1
  m_Colors:
    m_NormalColor: {r: 1, g: 1, b: 1, a: 1}
    m_HighlightedColor: {r: 0.9607843, g: 0.9607843, b: 0.9607843, a: 1}
    m_PressedColor: {r: 0.78431374, g: 0.78431374, b: 0.78431374, a: 1}
    m_SelectedColor: {r: 0.9607843, g: 0.9607843, b: 0.9607843, a: 1}
    m_DisabledColor: {r: 0.78431374, g: 0.78431374, b: 0.78431374, a: 0.5019608}
    m_ColorMultiplier: 1
    m_FadeDuration: 0.1
  m_SpriteState:
    m_HighlightedSprite: {fileID: 0}
    m_PressedSprite: {fileID: 0}
    m_SelectedSprite: {fileID: 0}
    m_DisabledSprite: {fileID: 0}
  m_AnimationTriggers:
    m_NormalTrigger: Normal
    m_HighlightedTrigger: Highlighted
    m_PressedTrigger: Pressed
    m_SelectedTrigger: Selected
    m_DisabledTrigger: Disabled
  m_Interactable: 1
  m_TargetGraphic: {fileID: 7722103990261497504}
  m_OnClick:
    m_PersistentCalls:
      m_Calls:
      - m_Target: {fileID: 0}
        m_TargetAssemblyTypeName: 
        m_MethodName: InventoryToggle
        m_Mode: 1
        m_Arguments:
          m_ObjectArgument: {fileID: 0}
          m_ObjectArgumentAssemblyTypeName: UnityEngine.Object, UnityEngine
          m_IntArgument: 0
          m_FloatArgument: 0
          m_StringArgument: 
          m_BoolArgument: 0
        m_CallState: 2
--- !u!1 &8443941406165165164
GameObject:
  m_ObjectHideFlags: 0
  m_CorrespondingSourceObject: {fileID: 0}
  m_PrefabInstance: {fileID: 0}
  m_PrefabAsset: {fileID: 0}
  serializedVersion: 6
  m_Component:
  - component: {fileID: 8443941406165165165}
  - component: {fileID: 8443941406165165158}
  - component: {fileID: 8443941406165165153}
  - component: {fileID: 8443941406165165152}
  - component: {fileID: 8443941406165165155}
  - component: {fileID: 8443941406165165154}
  m_Layer: 5
  m_Name: InventoryDisplay
  m_TagString: Untagged
  m_Icon: {fileID: 0}
  m_NavMeshLayer: 0
  m_StaticEditorFlags: 0
  m_IsActive: 1
--- !u!224 &8443941406165165165
RectTransform:
  m_ObjectHideFlags: 0
  m_CorrespondingSourceObject: {fileID: 0}
  m_PrefabInstance: {fileID: 0}
  m_PrefabAsset: {fileID: 0}
  m_GameObject: {fileID: 8443941406165165164}
  m_LocalRotation: {x: 0, y: 0, z: 0, w: 1}
  m_LocalPosition: {x: 0, y: 0, z: 0}
  m_LocalScale: {x: 1, y: 1, z: 1}
  m_Children:
  - {fileID: 2298346202480214451}
  - {fileID: 8443941407401458659}
  - {fileID: 8443941407540082143}
  - {fileID: 5071080906503966130}
  m_Father: {fileID: 0}
  m_RootOrder: 0
  m_LocalEulerAnglesHint: {x: 0, y: 0, z: 0}
  m_AnchorMin: {x: 0.5, y: 0.5}
  m_AnchorMax: {x: 0.5, y: 0.5}
  m_AnchoredPosition: {x: 0, y: 0}
  m_SizeDelta: {x: 660, y: 350}
  m_Pivot: {x: 0.5, y: 0.5}
--- !u!222 &8443941406165165158
CanvasRenderer:
  m_ObjectHideFlags: 0
  m_CorrespondingSourceObject: {fileID: 0}
  m_PrefabInstance: {fileID: 0}
  m_PrefabAsset: {fileID: 0}
  m_GameObject: {fileID: 8443941406165165164}
  m_CullTransparentMesh: 1
--- !u!223 &8443941406165165153
Canvas:
  m_ObjectHideFlags: 0
  m_CorrespondingSourceObject: {fileID: 0}
  m_PrefabInstance: {fileID: 0}
  m_PrefabAsset: {fileID: 0}
  m_GameObject: {fileID: 8443941406165165164}
  m_Enabled: 1
  serializedVersion: 3
  m_RenderMode: 0
  m_Camera: {fileID: 0}
  m_PlaneDistance: 100
  m_PixelPerfect: 0
  m_ReceivesEvents: 1
  m_OverrideSorting: 0
  m_OverridePixelPerfect: 0
  m_SortingBucketNormalizedSize: 0
  m_AdditionalShaderChannelsFlag: 25
  m_SortingLayerID: 0
  m_SortingOrder: 0
  m_TargetDisplay: 0
--- !u!114 &8443941406165165152
MonoBehaviour:
  m_ObjectHideFlags: 0
  m_CorrespondingSourceObject: {fileID: 0}
  m_PrefabInstance: {fileID: 0}
  m_PrefabAsset: {fileID: 0}
  m_GameObject: {fileID: 8443941406165165164}
  m_Enabled: 1
  m_EditorHideFlags: 0
  m_Script: {fileID: 11500000, guid: dc42784cf147c0c48a680349fa168899, type: 3}
  m_Name: 
  m_EditorClassIdentifier: 
  m_IgnoreReversedGraphics: 1
  m_BlockingObjects: 0
  m_BlockingMask:
    serializedVersion: 2
    m_Bits: 4294967295
--- !u!114 &8443941406165165155
MonoBehaviour:
  m_ObjectHideFlags: 0
  m_CorrespondingSourceObject: {fileID: 0}
  m_PrefabInstance: {fileID: 0}
  m_PrefabAsset: {fileID: 0}
  m_GameObject: {fileID: 8443941406165165164}
  m_Enabled: 1
  m_EditorHideFlags: 0
  m_Script: {fileID: 11500000, guid: c0c67511c6cd95e4789a84eb0d8a4c59, type: 3}
  m_Name: 
  m_EditorClassIdentifier: 
  onTrophyAdded:
    m_PersistentCalls:
      m_Calls:
      - m_Target: {fileID: 6327287205212399991}
        m_TargetAssemblyTypeName: 
        m_MethodName: AddTrophy
        m_Mode: 0
        m_Arguments:
          m_ObjectArgument: {fileID: 0}
          m_ObjectArgumentAssemblyTypeName: UnityEngine.Object, UnityEngine
          m_IntArgument: 0
          m_FloatArgument: 0
          m_StringArgument: 
          m_BoolArgument: 0
        m_CallState: 2
  onTrophyRemoved:
    m_PersistentCalls:
      m_Calls:
      - m_Target: {fileID: 6327287205212399991}
        m_TargetAssemblyTypeName: 
        m_MethodName: RemoveTropohy
        m_Mode: 0
        m_Arguments:
          m_ObjectArgument: {fileID: 0}
          m_ObjectArgumentAssemblyTypeName: UnityEngine.Object, UnityEngine
          m_IntArgument: 0
          m_FloatArgument: 0
          m_StringArgument: 
          m_BoolArgument: 0
        m_CallState: 2
  onStartTrophy:
    m_PersistentCalls:
      m_Calls:
      - m_Target: {fileID: 6327287205212399991}
        m_TargetAssemblyTypeName: 
        m_MethodName: SetContent
        m_Mode: 0
        m_Arguments:
          m_ObjectArgument: {fileID: 0}
          m_ObjectArgumentAssemblyTypeName: UnityEngine.Object, UnityEngine
          m_IntArgument: 0
          m_FloatArgument: 0
          m_StringArgument: 
          m_BoolArgument: 0
        m_CallState: 2
--- !u!114 &8443941406165165154
MonoBehaviour:
  m_ObjectHideFlags: 0
  m_CorrespondingSourceObject: {fileID: 0}
  m_PrefabInstance: {fileID: 0}
  m_PrefabAsset: {fileID: 0}
  m_GameObject: {fileID: 8443941406165165164}
  m_Enabled: 1
  m_EditorHideFlags: 0
  m_Script: {fileID: 11500000, guid: e473c79e8f1ee754f962407ca37e5acb, type: 3}
  m_Name: 
  m_EditorClassIdentifier: 
  onTrophyTypeContained:
    m_PersistentCalls:
      m_Calls:
      - m_Target: {fileID: 8443941407540082139}
        m_TargetAssemblyTypeName: 
        m_MethodName: AddTab
        m_Mode: 0
        m_Arguments:
          m_ObjectArgument: {fileID: 0}
          m_ObjectArgumentAssemblyTypeName: UnityEngine.Object, UnityEngine
          m_IntArgument: 0
          m_FloatArgument: 0
          m_StringArgument: 
          m_BoolArgument: 0
        m_CallState: 2
  onStartTypes:
    m_PersistentCalls:
      m_Calls:
      - m_Target: {fileID: 8443941407540082139}
        m_TargetAssemblyTypeName: 
        m_MethodName: AddTabs
        m_Mode: 0
        m_Arguments:
          m_ObjectArgument: {fileID: 0}
          m_ObjectArgumentAssemblyTypeName: UnityEngine.Object, UnityEngine
          m_IntArgument: 0
          m_FloatArgument: 0
          m_StringArgument: 
          m_BoolArgument: 0
        m_CallState: 2
--- !u!1 &8443941407401458658
GameObject:
  m_ObjectHideFlags: 0
  m_CorrespondingSourceObject: {fileID: 0}
  m_PrefabInstance: {fileID: 0}
  m_PrefabAsset: {fileID: 0}
  serializedVersion: 6
  m_Component:
  - component: {fileID: 8443941407401458659}
  - component: {fileID: 8443941407401458657}
  - component: {fileID: 8443941407401458656}
  m_Layer: 5
  m_Name: Contentarea
  m_TagString: Untagged
  m_Icon: {fileID: 0}
  m_NavMeshLayer: 0
  m_StaticEditorFlags: 0
  m_IsActive: 1
--- !u!224 &8443941407401458659
RectTransform:
  m_ObjectHideFlags: 0
  m_CorrespondingSourceObject: {fileID: 0}
  m_PrefabInstance: {fileID: 0}
  m_PrefabAsset: {fileID: 0}
  m_GameObject: {fileID: 8443941407401458658}
  m_LocalRotation: {x: 0, y: 0, z: 0, w: 1}
  m_LocalPosition: {x: 0, y: 0, z: 0}
  m_LocalScale: {x: 1, y: 1, z: 1}
  m_Children:
  - {fileID: 6327287205212399984}
  m_Father: {fileID: 8443941406165165165}
  m_RootOrder: 1
  m_LocalEulerAnglesHint: {x: 0, y: 0, z: 0}
  m_AnchorMin: {x: 0, y: 0}
  m_AnchorMax: {x: 1, y: 1}
  m_AnchoredPosition: {x: 0, y: -100}
  m_SizeDelta: {x: 0, y: -100}
  m_Pivot: {x: 0, y: 1}
--- !u!222 &8443941407401458657
CanvasRenderer:
  m_ObjectHideFlags: 0
  m_CorrespondingSourceObject: {fileID: 0}
  m_PrefabInstance: {fileID: 0}
  m_PrefabAsset: {fileID: 0}
  m_GameObject: {fileID: 8443941407401458658}
  m_CullTransparentMesh: 1
--- !u!114 &8443941407401458656
MonoBehaviour:
  m_ObjectHideFlags: 0
  m_CorrespondingSourceObject: {fileID: 0}
  m_PrefabInstance: {fileID: 0}
  m_PrefabAsset: {fileID: 0}
  m_GameObject: {fileID: 8443941407401458658}
  m_Enabled: 1
  m_EditorHideFlags: 0
  m_Script: {fileID: 11500000, guid: fe87c0e1cc204ed48ad3b37840f39efc, type: 3}
  m_Name: 
  m_EditorClassIdentifier: 
  m_Material: {fileID: 0}
  m_Color: {r: 1, g: 1, b: 1, a: 1}
  m_RaycastTarget: 0
  m_RaycastPadding: {x: 0, y: 0, z: 0, w: 0}
  m_Maskable: 1
  m_OnCullStateChanged:
    m_PersistentCalls:
      m_Calls: []
  m_Sprite: {fileID: 739905185230883310, guid: 36f8c7963262ddb4faef0a5b611267d6, type: 3}
  m_Type: 1
  m_PreserveAspect: 0
  m_FillCenter: 1
  m_FillMethod: 4
  m_FillAmount: 1
  m_FillClockwise: 1
  m_FillOrigin: 0
  m_UseSpriteMesh: 0
  m_PixelsPerUnitMultiplier: 1
--- !u!1 &8443941407540082116
GameObject:
  m_ObjectHideFlags: 0
  m_CorrespondingSourceObject: {fileID: 0}
  m_PrefabInstance: {fileID: 0}
  m_PrefabAsset: {fileID: 0}
  serializedVersion: 6
  m_Component:
  - component: {fileID: 8443941407540082143}
  - component: {fileID: 8443941407540082142}
  - component: {fileID: 8443941407540082137}
  - component: {fileID: 8443941407540082136}
  - component: {fileID: 8443941407540082117}
  - component: {fileID: 8443941407540082139}
  - component: {fileID: 8443941407540082138}
  m_Layer: 5
  m_Name: TabArea
  m_TagString: Untagged
  m_Icon: {fileID: 0}
  m_NavMeshLayer: 0
  m_StaticEditorFlags: 0
  m_IsActive: 1
--- !u!224 &8443941407540082143
RectTransform:
  m_ObjectHideFlags: 0
  m_CorrespondingSourceObject: {fileID: 0}
  m_PrefabInstance: {fileID: 0}
  m_PrefabAsset: {fileID: 0}
  m_GameObject: {fileID: 8443941407540082116}
  m_LocalRotation: {x: 0, y: 0, z: 0, w: 1}
  m_LocalPosition: {x: 0, y: 0, z: 0}
  m_LocalScale: {x: 1, y: 1, z: 1}
  m_Children:
  - {fileID: 8333926111021680431}
  m_Father: {fileID: 8443941406165165165}
  m_RootOrder: 2
  m_LocalEulerAnglesHint: {x: 0, y: 0, z: 0}
  m_AnchorMin: {x: 0, y: 1}
  m_AnchorMax: {x: 1, y: 1}
  m_AnchoredPosition: {x: 0, y: 0}
  m_SizeDelta: {x: 0, y: 130}
  m_Pivot: {x: 0, y: 1}
--- !u!222 &8443941407540082142
CanvasRenderer:
  m_ObjectHideFlags: 0
  m_CorrespondingSourceObject: {fileID: 0}
  m_PrefabInstance: {fileID: 0}
  m_PrefabAsset: {fileID: 0}
  m_GameObject: {fileID: 8443941407540082116}
  m_CullTransparentMesh: 1
--- !u!114 &8443941407540082137
MonoBehaviour:
  m_ObjectHideFlags: 0
  m_CorrespondingSourceObject: {fileID: 0}
  m_PrefabInstance: {fileID: 0}
  m_PrefabAsset: {fileID: 0}
  m_GameObject: {fileID: 8443941407540082116}
  m_Enabled: 1
  m_EditorHideFlags: 0
  m_Script: {fileID: 11500000, guid: 2fafe2cfe61f6974895a912c3755e8f1, type: 3}
  m_Name: 
  m_EditorClassIdentifier: 
  m_AllowSwitchOff: 0
--- !u!114 &8443941407540082136
MonoBehaviour:
  m_ObjectHideFlags: 0
  m_CorrespondingSourceObject: {fileID: 0}
  m_PrefabInstance: {fileID: 0}
  m_PrefabAsset: {fileID: 0}
  m_GameObject: {fileID: 8443941407540082116}
  m_Enabled: 1
  m_EditorHideFlags: 0
  m_Script: {fileID: 11500000, guid: fe87c0e1cc204ed48ad3b37840f39efc, type: 3}
  m_Name: 
  m_EditorClassIdentifier: 
  m_Material: {fileID: 0}
  m_Color: {r: 0.8862745, g: 0.8862745, b: 0.8862745, a: 0}
  m_RaycastTarget: 1
  m_RaycastPadding: {x: 0, y: 0, z: 0, w: 0}
  m_Maskable: 1
  m_OnCullStateChanged:
    m_PersistentCalls:
      m_Calls: []
  m_Sprite: {fileID: 0}
  m_Type: 0
  m_PreserveAspect: 0
  m_FillCenter: 1
  m_FillMethod: 4
  m_FillAmount: 1
  m_FillClockwise: 1
  m_FillOrigin: 0
  m_UseSpriteMesh: 0
  m_PixelsPerUnitMultiplier: 1
--- !u!114 &8443941407540082117
MonoBehaviour:
  m_ObjectHideFlags: 0
  m_CorrespondingSourceObject: {fileID: 0}
  m_PrefabInstance: {fileID: 0}
  m_PrefabAsset: {fileID: 0}
  m_GameObject: {fileID: 8443941407540082116}
  m_Enabled: 1
  m_EditorHideFlags: 0
  m_Script: {fileID: 11500000, guid: 1b0beb37e4d27b34db15396c3547db5c, type: 3}
  m_Name: 
  m_EditorClassIdentifier: 
  useFilter: 0
  onFilterUpdate:
    m_PersistentCalls:
      m_Calls: []
--- !u!114 &8443941407540082139
MonoBehaviour:
  m_ObjectHideFlags: 0
  m_CorrespondingSourceObject: {fileID: 0}
  m_PrefabInstance: {fileID: 0}
  m_PrefabAsset: {fileID: 0}
  m_GameObject: {fileID: 8443941407540082116}
  m_Enabled: 1
  m_EditorHideFlags: 0
  m_Script: {fileID: 11500000, guid: a2f1b1e55da2eb84c897b3db6fb4996a, type: 3}
  m_Name: 
  m_EditorClassIdentifier: 
  selectorPrefab: {fileID: 3884846412644331085, guid: 2f6cab08acddeef4a82a30fd4cdd34f9, type: 3}
  container: {fileID: 8443941407540082143}
  toggleGroup: {fileID: 8443941407540082137}
  onSelected:
    m_PersistentCalls:
      m_Calls:
      - m_Target: {fileID: 8443941407540082117}
        m_TargetAssemblyTypeName: 
        m_MethodName: SetFilter
        m_Mode: 0
        m_Arguments:
          m_ObjectArgument: {fileID: 0}
          m_ObjectArgumentAssemblyTypeName: UnityEngine.Object, UnityEngine
          m_IntArgument: 0
          m_FloatArgument: 0
          m_StringArgument: 
          m_BoolArgument: 0
        m_CallState: 2
  onDeselected:
    m_PersistentCalls:
      m_Calls: []
  onTabCountUpdate:
    m_PersistentCalls:
      m_Calls:
      - m_Target: {fileID: 8443941407540082138}
        m_TargetAssemblyTypeName: 
        m_MethodName: UpdateSize
        m_Mode: 1
        m_Arguments:
          m_ObjectArgument: {fileID: 0}
          m_ObjectArgumentAssemblyTypeName: UnityEngine.Object, UnityEngine
          m_IntArgument: 0
          m_FloatArgument: 0
          m_StringArgument: 
          m_BoolArgument: 0
        m_CallState: 2
  enabledSelectors: 
--- !u!114 &8443941407540082138
MonoBehaviour:
  m_ObjectHideFlags: 0
  m_CorrespondingSourceObject: {fileID: 0}
  m_PrefabInstance: {fileID: 0}
  m_PrefabAsset: {fileID: 0}
  m_GameObject: {fileID: 8443941407540082116}
  m_Enabled: 1
  m_EditorHideFlags: 0
  m_Script: {fileID: 11500000, guid: 89d218c10a8deb0488ce460d9d2fcb27, type: 3}
  m_Name: 
  m_EditorClassIdentifier: 
  container: {fileID: 8443941407540082143}
  alignHorizontaly: 1
--- !u!1 &9186754368762550791
GameObject:
  m_ObjectHideFlags: 0
  m_CorrespondingSourceObject: {fileID: 0}
  m_PrefabInstance: {fileID: 0}
  m_PrefabAsset: {fileID: 0}
  serializedVersion: 6
  m_Component:
  - component: {fileID: 2298346202480214451}
  - component: {fileID: 4115483434983689063}
  - component: {fileID: 2920819265630332702}
  m_Layer: 5
  m_Name: IconBackground
  m_TagString: Untagged
  m_Icon: {fileID: 0}
  m_NavMeshLayer: 0
  m_StaticEditorFlags: 0
  m_IsActive: 1
--- !u!224 &2298346202480214451
RectTransform:
  m_ObjectHideFlags: 0
  m_CorrespondingSourceObject: {fileID: 0}
  m_PrefabInstance: {fileID: 0}
  m_PrefabAsset: {fileID: 0}
  m_GameObject: {fileID: 9186754368762550791}
  m_LocalRotation: {x: -0, y: -0, z: -0, w: 1}
  m_LocalPosition: {x: 0, y: 0, z: 0}
  m_LocalScale: {x: 1, y: 1, z: 1}
  m_Children: []
  m_Father: {fileID: 8443941406165165165}
  m_RootOrder: 0
  m_LocalEulerAnglesHint: {x: 0, y: 0, z: 0}
  m_AnchorMin: {x: 0, y: 1}
  m_AnchorMax: {x: 1, y: 1}
  m_AnchoredPosition: {x: 0, y: -4}
  m_SizeDelta: {x: -8, y: 346.1133}
  m_Pivot: {x: 0.5, y: 1}
--- !u!222 &4115483434983689063
CanvasRenderer:
  m_ObjectHideFlags: 0
  m_CorrespondingSourceObject: {fileID: 0}
  m_PrefabInstance: {fileID: 0}
  m_PrefabAsset: {fileID: 0}
  m_GameObject: {fileID: 9186754368762550791}
  m_CullTransparentMesh: 1
--- !u!114 &2920819265630332702
MonoBehaviour:
  m_ObjectHideFlags: 0
  m_CorrespondingSourceObject: {fileID: 0}
  m_PrefabInstance: {fileID: 0}
  m_PrefabAsset: {fileID: 0}
  m_GameObject: {fileID: 9186754368762550791}
  m_Enabled: 1
  m_EditorHideFlags: 0
  m_Script: {fileID: 11500000, guid: fe87c0e1cc204ed48ad3b37840f39efc, type: 3}
  m_Name: 
  m_EditorClassIdentifier: 
  m_Material: {fileID: 0}
  m_Color: {r: 0.17551456, g: 0.262, b: 0.23147573, a: 1}
  m_RaycastTarget: 1
  m_RaycastPadding: {x: 0, y: 0, z: 0, w: 0}
  m_Maskable: 1
  m_OnCullStateChanged:
    m_PersistentCalls:
      m_Calls: []
  m_Sprite: {fileID: 5223370693312396623, guid: 36f8c7963262ddb4faef0a5b611267d6, type: 3}
  m_Type: 1
  m_PreserveAspect: 0
  m_FillCenter: 1
  m_FillMethod: 4
  m_FillAmount: 1
  m_FillClockwise: 1
  m_FillOrigin: 0
  m_UseSpriteMesh: 0
  m_PixelsPerUnitMultiplier: 1
--- !u!1001 &8443941406046300948
PrefabInstance:
  m_ObjectHideFlags: 0
  serializedVersion: 2
  m_Modification:
    m_TransformParent: {fileID: 8443941407401458659}
    m_Modifications:
    - target: {fileID: 2513551510719496803, guid: 428f425043a54c547979e95520254238, type: 3}
      propertyPath: filter
      value: 
      objectReference: {fileID: 8443941407540082117}
    - target: {fileID: 2513551510719496803, guid: 428f425043a54c547979e95520254238, type: 3}
      propertyPath: buttonPrefab
      value: 
      objectReference: {fileID: 3792717010289297559, guid: c3e32c447fb22ba4bbe5ff257aa4c0ea, type: 3}
    - target: {fileID: 2513551510719496803, guid: 428f425043a54c547979e95520254238, type: 3}
      propertyPath: prefabs.flower
      value: 
      objectReference: {fileID: 0}
    - target: {fileID: 2513551510719496804, guid: 428f425043a54c547979e95520254238, type: 3}
      propertyPath: m_Pivot.x
      value: 0
      objectReference: {fileID: 0}
    - target: {fileID: 2513551510719496804, guid: 428f425043a54c547979e95520254238, type: 3}
      propertyPath: m_Pivot.y
      value: 1
      objectReference: {fileID: 0}
    - target: {fileID: 2513551510719496804, guid: 428f425043a54c547979e95520254238, type: 3}
      propertyPath: m_RootOrder
      value: 0
      objectReference: {fileID: 0}
    - target: {fileID: 2513551510719496804, guid: 428f425043a54c547979e95520254238, type: 3}
      propertyPath: m_AnchorMax.x
      value: 1
      objectReference: {fileID: 0}
    - target: {fileID: 2513551510719496804, guid: 428f425043a54c547979e95520254238, type: 3}
      propertyPath: m_AnchorMax.y
      value: 1
      objectReference: {fileID: 0}
    - target: {fileID: 2513551510719496804, guid: 428f425043a54c547979e95520254238, type: 3}
      propertyPath: m_AnchorMin.x
      value: 0
      objectReference: {fileID: 0}
    - target: {fileID: 2513551510719496804, guid: 428f425043a54c547979e95520254238, type: 3}
      propertyPath: m_AnchorMin.y
      value: 0
      objectReference: {fileID: 0}
    - target: {fileID: 2513551510719496804, guid: 428f425043a54c547979e95520254238, type: 3}
      propertyPath: m_SizeDelta.x
      value: -50
      objectReference: {fileID: 0}
    - target: {fileID: 2513551510719496804, guid: 428f425043a54c547979e95520254238, type: 3}
      propertyPath: m_SizeDelta.y
      value: -50
      objectReference: {fileID: 0}
    - target: {fileID: 2513551510719496804, guid: 428f425043a54c547979e95520254238, type: 3}
      propertyPath: m_LocalPosition.x
      value: 0
      objectReference: {fileID: 0}
    - target: {fileID: 2513551510719496804, guid: 428f425043a54c547979e95520254238, type: 3}
      propertyPath: m_LocalPosition.y
      value: 0
      objectReference: {fileID: 0}
    - target: {fileID: 2513551510719496804, guid: 428f425043a54c547979e95520254238, type: 3}
      propertyPath: m_LocalPosition.z
      value: 0
      objectReference: {fileID: 0}
    - target: {fileID: 2513551510719496804, guid: 428f425043a54c547979e95520254238, type: 3}
      propertyPath: m_LocalRotation.w
      value: 1
      objectReference: {fileID: 0}
    - target: {fileID: 2513551510719496804, guid: 428f425043a54c547979e95520254238, type: 3}
      propertyPath: m_LocalRotation.x
      value: -0
      objectReference: {fileID: 0}
    - target: {fileID: 2513551510719496804, guid: 428f425043a54c547979e95520254238, type: 3}
      propertyPath: m_LocalRotation.y
      value: -0
      objectReference: {fileID: 0}
    - target: {fileID: 2513551510719496804, guid: 428f425043a54c547979e95520254238, type: 3}
      propertyPath: m_LocalRotation.z
      value: -0
      objectReference: {fileID: 0}
    - target: {fileID: 2513551510719496804, guid: 428f425043a54c547979e95520254238, type: 3}
      propertyPath: m_AnchoredPosition.x
      value: 25
      objectReference: {fileID: 0}
    - target: {fileID: 2513551510719496804, guid: 428f425043a54c547979e95520254238, type: 3}
      propertyPath: m_AnchoredPosition.y
      value: -25
      objectReference: {fileID: 0}
    - target: {fileID: 2513551510719496804, guid: 428f425043a54c547979e95520254238, type: 3}
      propertyPath: m_LocalEulerAnglesHint.x
      value: 0
      objectReference: {fileID: 0}
    - target: {fileID: 2513551510719496804, guid: 428f425043a54c547979e95520254238, type: 3}
      propertyPath: m_LocalEulerAnglesHint.y
      value: 0
      objectReference: {fileID: 0}
    - target: {fileID: 2513551510719496804, guid: 428f425043a54c547979e95520254238, type: 3}
      propertyPath: m_LocalEulerAnglesHint.z
      value: 0
      objectReference: {fileID: 0}
    - target: {fileID: 2513551510719496805, guid: 428f425043a54c547979e95520254238, type: 3}
      propertyPath: m_Name
      value: ResourceArea
      objectReference: {fileID: 0}
    - target: {fileID: 2513551510719496814, guid: 428f425043a54c547979e95520254238, type: 3}
      propertyPath: m_AdditionalShaderChannelsFlag
      value: 25
      objectReference: {fileID: 0}
    m_RemovedComponents: []
  m_SourcePrefab: {fileID: 100100000, guid: 428f425043a54c547979e95520254238, type: 3}
--- !u!224 &6327287205212399984 stripped
RectTransform:
  m_CorrespondingSourceObject: {fileID: 2513551510719496804, guid: 428f425043a54c547979e95520254238, type: 3}
  m_PrefabInstance: {fileID: 8443941406046300948}
  m_PrefabAsset: {fileID: 0}
--- !u!114 &6327287205212399991 stripped
MonoBehaviour:
  m_CorrespondingSourceObject: {fileID: 2513551510719496803, guid: 428f425043a54c547979e95520254238, type: 3}
  m_PrefabInstance: {fileID: 8443941406046300948}
  m_PrefabAsset: {fileID: 0}
  m_GameObject: {fileID: 0}
  m_Enabled: 1
  m_EditorHideFlags: 0
  m_Script: {fileID: 11500000, guid: adf4cf77da4057743a3af77b55fcd45f, type: 3}
  m_Name: 
  m_EditorClassIdentifier: 
--- !u!1001 &8443941407697108375
PrefabInstance:
  m_ObjectHideFlags: 0
  serializedVersion: 2
  m_Modification:
    m_TransformParent: {fileID: 8443941407540082143}
    m_Modifications:
    - target: {fileID: 470320893200427726, guid: 7842bf1746912654bab3b064120666c2, type: 3}
      propertyPath: m_Sprite
      value: 
      objectReference: {fileID: -5604920543791102885, guid: 36f8c7963262ddb4faef0a5b611267d6, type: 3}
    - target: {fileID: 470320894014896824, guid: 7842bf1746912654bab3b064120666c2, type: 3}
      propertyPath: m_Pivot.x
      value: 0
      objectReference: {fileID: 0}
    - target: {fileID: 470320894014896824, guid: 7842bf1746912654bab3b064120666c2, type: 3}
      propertyPath: m_Pivot.y
      value: 0.5
      objectReference: {fileID: 0}
    - target: {fileID: 470320894014896824, guid: 7842bf1746912654bab3b064120666c2, type: 3}
      propertyPath: m_RootOrder
      value: 0
      objectReference: {fileID: 0}
    - target: {fileID: 470320894014896824, guid: 7842bf1746912654bab3b064120666c2, type: 3}
      propertyPath: m_AnchorMax.x
      value: 0.5
      objectReference: {fileID: 0}
    - target: {fileID: 470320894014896824, guid: 7842bf1746912654bab3b064120666c2, type: 3}
      propertyPath: m_AnchorMax.y
      value: 1
      objectReference: {fileID: 0}
    - target: {fileID: 470320894014896824, guid: 7842bf1746912654bab3b064120666c2, type: 3}
      propertyPath: m_AnchorMin.x
      value: 0
      objectReference: {fileID: 0}
    - target: {fileID: 470320894014896824, guid: 7842bf1746912654bab3b064120666c2, type: 3}
      propertyPath: m_AnchorMin.y
      value: 0
      objectReference: {fileID: 0}
    - target: {fileID: 470320894014896824, guid: 7842bf1746912654bab3b064120666c2, type: 3}
      propertyPath: m_SizeDelta.x
      value: 0
      objectReference: {fileID: 0}
    - target: {fileID: 470320894014896824, guid: 7842bf1746912654bab3b064120666c2, type: 3}
      propertyPath: m_SizeDelta.y
      value: 0
      objectReference: {fileID: 0}
    - target: {fileID: 470320894014896824, guid: 7842bf1746912654bab3b064120666c2, type: 3}
      propertyPath: m_LocalPosition.x
      value: 0
      objectReference: {fileID: 0}
    - target: {fileID: 470320894014896824, guid: 7842bf1746912654bab3b064120666c2, type: 3}
      propertyPath: m_LocalPosition.y
      value: 0
      objectReference: {fileID: 0}
    - target: {fileID: 470320894014896824, guid: 7842bf1746912654bab3b064120666c2, type: 3}
      propertyPath: m_LocalPosition.z
      value: 0
      objectReference: {fileID: 0}
    - target: {fileID: 470320894014896824, guid: 7842bf1746912654bab3b064120666c2, type: 3}
      propertyPath: m_LocalRotation.w
      value: 1
      objectReference: {fileID: 0}
    - target: {fileID: 470320894014896824, guid: 7842bf1746912654bab3b064120666c2, type: 3}
      propertyPath: m_LocalRotation.x
      value: -0
      objectReference: {fileID: 0}
    - target: {fileID: 470320894014896824, guid: 7842bf1746912654bab3b064120666c2, type: 3}
      propertyPath: m_LocalRotation.y
      value: -0
      objectReference: {fileID: 0}
    - target: {fileID: 470320894014896824, guid: 7842bf1746912654bab3b064120666c2, type: 3}
      propertyPath: m_LocalRotation.z
      value: -0
      objectReference: {fileID: 0}
    - target: {fileID: 470320894014896824, guid: 7842bf1746912654bab3b064120666c2, type: 3}
      propertyPath: m_AnchoredPosition.x
      value: 0
      objectReference: {fileID: 0}
    - target: {fileID: 470320894014896824, guid: 7842bf1746912654bab3b064120666c2, type: 3}
      propertyPath: m_AnchoredPosition.y
      value: 0
      objectReference: {fileID: 0}
    - target: {fileID: 470320894014896824, guid: 7842bf1746912654bab3b064120666c2, type: 3}
      propertyPath: m_LocalEulerAnglesHint.x
      value: 0
      objectReference: {fileID: 0}
    - target: {fileID: 470320894014896824, guid: 7842bf1746912654bab3b064120666c2, type: 3}
      propertyPath: m_LocalEulerAnglesHint.y
      value: 0
      objectReference: {fileID: 0}
    - target: {fileID: 470320894014896824, guid: 7842bf1746912654bab3b064120666c2, type: 3}
      propertyPath: m_LocalEulerAnglesHint.z
      value: 0
      objectReference: {fileID: 0}
    - target: {fileID: 470320894014896825, guid: 7842bf1746912654bab3b064120666c2, type: 3}
      propertyPath: m_Name
      value: TrophyTab (All)
      objectReference: {fileID: 0}
    - target: {fileID: 8786070745629095347, guid: 7842bf1746912654bab3b064120666c2, type: 3}
      propertyPath: m_IsOn
      value: 1
      objectReference: {fileID: 0}
    - target: {fileID: 8786070745629095347, guid: 7842bf1746912654bab3b064120666c2, type: 3}
      propertyPath: m_Group
      value: 
      objectReference: {fileID: 8443941407540082137}
    - target: {fileID: 8786070745629095347, guid: 7842bf1746912654bab3b064120666c2, type: 3}
      propertyPath: onValueChanged.m_PersistentCalls.m_Calls.Array.size
      value: 1
      objectReference: {fileID: 0}
    - target: {fileID: 8786070745629095347, guid: 7842bf1746912654bab3b064120666c2, type: 3}
      propertyPath: onValueChanged.m_PersistentCalls.m_Calls.Array.data[0].m_Mode
      value: 0
      objectReference: {fileID: 0}
    - target: {fileID: 8786070745629095347, guid: 7842bf1746912654bab3b064120666c2, type: 3}
      propertyPath: onValueChanged.m_PersistentCalls.m_Calls.Array.data[0].m_Target
      value: 
      objectReference: {fileID: 8443941407540082117}
    - target: {fileID: 8786070745629095347, guid: 7842bf1746912654bab3b064120666c2, type: 3}
      propertyPath: onValueChanged.m_PersistentCalls.m_Calls.Array.data[0].m_CallState
      value: 2
      objectReference: {fileID: 0}
    - target: {fileID: 8786070745629095347, guid: 7842bf1746912654bab3b064120666c2, type: 3}
      propertyPath: onValueChanged.m_PersistentCalls.m_Calls.Array.data[0].m_MethodName
      value: RemoveFilter
      objectReference: {fileID: 0}
    - target: {fileID: 8786070745629095347, guid: 7842bf1746912654bab3b064120666c2, type: 3}
      propertyPath: onValueChanged.m_PersistentCalls.m_Calls.Array.data[0].m_TargetAssemblyTypeName
      value: UnityEngine.GameObject, UnityEngine
      objectReference: {fileID: 0}
    - target: {fileID: 8786070745629095347, guid: 7842bf1746912654bab3b064120666c2, type: 3}
      propertyPath: onValueChanged.m_PersistentCalls.m_Calls.Array.data[0].m_Arguments.m_ObjectArgumentAssemblyTypeName
      value: UnityEngine.Object, UnityEngine
      objectReference: {fileID: 0}
    m_RemovedComponents:
    - {fileID: 470320894014896828, guid: 7842bf1746912654bab3b064120666c2, type: 3}
  m_SourcePrefab: {fileID: 100100000, guid: 7842bf1746912654bab3b064120666c2, type: 3}
--- !u!224 &8333926111021680431 stripped
RectTransform:
  m_CorrespondingSourceObject: {fileID: 470320894014896824, guid: 7842bf1746912654bab3b064120666c2, type: 3}
  m_PrefabInstance: {fileID: 8443941407697108375}
  m_PrefabAsset: {fileID: 0}
