%YAML 1.1
%TAG !u! tag:unity3d.com,2011:
--- !u!114 &3884846412644331085
MonoBehaviour:
  m_ObjectHideFlags: 0
  m_CorrespondingSourceObject: {fileID: 0}
  m_PrefabInstance: {fileID: 0}
  m_PrefabAsset: {fileID: 0}
  m_GameObject: {fileID: 4949813585201099228}
  m_Enabled: 1
  m_EditorHideFlags: 0
  m_Script: {fileID: 11500000, guid: 59b2a464b8523ac49908fb20bf142c4d, type: 3}
  m_Name: 
  m_EditorClassIdentifier: 
  toggle: {fileID: 4312702064704601814}
  value: 0
  onSelect:
    m_PersistentCalls:
      m_Calls: []
  onDeselect:
    m_PersistentCalls:
      m_Calls: []
  onValueSet:
    m_PersistentCalls:
      m_Calls:
      - m_Target: {fileID: 4588725668085277149}
        m_TargetAssemblyTypeName: 
        m_MethodName: Display
        m_Mode: 0
        m_Arguments:
          m_ObjectArgument: {fileID: 0}
          m_ObjectArgumentAssemblyTypeName: UnityEngine.Object, UnityEngine
          m_IntArgument: 0
          m_FloatArgument: 0
          m_StringArgument: 
          m_BoolArgument: 0
        m_CallState: 2
--- !u!114 &4588725668085277149
MonoBehaviour:
  m_ObjectHideFlags: 0
  m_CorrespondingSourceObject: {fileID: 0}
  m_PrefabInstance: {fileID: 0}
  m_PrefabAsset: {fileID: 0}
  m_GameObject: {fileID: 4949813585997210029}
  m_Enabled: 1
  m_EditorHideFlags: 0
  m_Script: {fileID: 11500000, guid: 42c34d39a0db3f34f8cc0cc1eccdff7a, type: 3}
  m_Name: 
  m_EditorClassIdentifier: 
  values: {fileID: 11400000, guid: 538b0fe66be9ce944a84a1ff9aa41a69, type: 2}
  target: {fileID: 4949813585997210027}
--- !u!1001 &4771475189158628197
PrefabInstance:
  m_ObjectHideFlags: 0
  serializedVersion: 2
  m_Modification:
    m_TransformParent: {fileID: 0}
    m_Modifications:
    - target: {fileID: 470320893200427726, guid: 7842bf1746912654bab3b064120666c2, type: 3}
      propertyPath: m_Sprite
      value: 
      objectReference: {fileID: -4241120753303310094, guid: cba9f8ea844c2c54095a3f703bce1235, type: 3}
    - target: {fileID: 470320894014896824, guid: 7842bf1746912654bab3b064120666c2, type: 3}
      propertyPath: m_Pivot.x
      value: 0
      objectReference: {fileID: 0}
    - target: {fileID: 470320894014896824, guid: 7842bf1746912654bab3b064120666c2, type: 3}
      propertyPath: m_Pivot.y
      value: 0.5
      objectReference: {fileID: 0}
    - target: {fileID: 470320894014896824, guid: 7842bf1746912654bab3b064120666c2, type: 3}
      propertyPath: m_RootOrder
      value: 0
      objectReference: {fileID: 0}
    - target: {fileID: 470320894014896824, guid: 7842bf1746912654bab3b064120666c2, type: 3}
      propertyPath: m_AnchorMax.x
      value: 1
      objectReference: {fileID: 0}
    - target: {fileID: 470320894014896824, guid: 7842bf1746912654bab3b064120666c2, type: 3}
      propertyPath: m_AnchorMax.y
      value: 1
      objectReference: {fileID: 0}
    - target: {fileID: 470320894014896824, guid: 7842bf1746912654bab3b064120666c2, type: 3}
      propertyPath: m_AnchorMin.x
      value: 0.5
      objectReference: {fileID: 0}
    - target: {fileID: 470320894014896824, guid: 7842bf1746912654bab3b064120666c2, type: 3}
      propertyPath: m_AnchorMin.y
      value: 0
      objectReference: {fileID: 0}
    - target: {fileID: 470320894014896824, guid: 7842bf1746912654bab3b064120666c2, type: 3}
      propertyPath: m_SizeDelta.x
      value: 0
      objectReference: {fileID: 0}
    - target: {fileID: 470320894014896824, guid: 7842bf1746912654bab3b064120666c2, type: 3}
      propertyPath: m_SizeDelta.y
      value: 0
      objectReference: {fileID: 0}
    - target: {fileID: 470320894014896824, guid: 7842bf1746912654bab3b064120666c2, type: 3}
      propertyPath: m_LocalPosition.x
      value: 0
      objectReference: {fileID: 0}
    - target: {fileID: 470320894014896824, guid: 7842bf1746912654bab3b064120666c2, type: 3}
      propertyPath: m_LocalPosition.y
      value: 0
      objectReference: {fileID: 0}
    - target: {fileID: 470320894014896824, guid: 7842bf1746912654bab3b064120666c2, type: 3}
      propertyPath: m_LocalPosition.z
      value: 0
      objectReference: {fileID: 0}
    - target: {fileID: 470320894014896824, guid: 7842bf1746912654bab3b064120666c2, type: 3}
      propertyPath: m_LocalRotation.w
      value: 1
      objectReference: {fileID: 0}
    - target: {fileID: 470320894014896824, guid: 7842bf1746912654bab3b064120666c2, type: 3}
      propertyPath: m_LocalRotation.x
      value: -0
      objectReference: {fileID: 0}
    - target: {fileID: 470320894014896824, guid: 7842bf1746912654bab3b064120666c2, type: 3}
      propertyPath: m_LocalRotation.y
      value: -0
      objectReference: {fileID: 0}
    - target: {fileID: 470320894014896824, guid: 7842bf1746912654bab3b064120666c2, type: 3}
      propertyPath: m_LocalRotation.z
      value: -0
      objectReference: {fileID: 0}
    - target: {fileID: 470320894014896824, guid: 7842bf1746912654bab3b064120666c2, type: 3}
      propertyPath: m_AnchoredPosition.x
      value: 0
      objectReference: {fileID: 0}
    - target: {fileID: 470320894014896824, guid: 7842bf1746912654bab3b064120666c2, type: 3}
      propertyPath: m_AnchoredPosition.y
      value: 0
      objectReference: {fileID: 0}
    - target: {fileID: 470320894014896824, guid: 7842bf1746912654bab3b064120666c2, type: 3}
      propertyPath: m_LocalEulerAnglesHint.x
      value: 0
      objectReference: {fileID: 0}
    - target: {fileID: 470320894014896824, guid: 7842bf1746912654bab3b064120666c2, type: 3}
      propertyPath: m_LocalEulerAnglesHint.y
      value: 0
      objectReference: {fileID: 0}
    - target: {fileID: 470320894014896824, guid: 7842bf1746912654bab3b064120666c2, type: 3}
      propertyPath: m_LocalEulerAnglesHint.z
      value: 0
      objectReference: {fileID: 0}
    - target: {fileID: 470320894014896825, guid: 7842bf1746912654bab3b064120666c2, type: 3}
      propertyPath: m_Name
      value: TrophyTab
      objectReference: {fileID: 0}
    m_RemovedComponents:
    - {fileID: 470320893200427724, guid: 7842bf1746912654bab3b064120666c2, type: 3}
    - {fileID: 470320894014896828, guid: 7842bf1746912654bab3b064120666c2, type: 3}
  m_SourcePrefab: {fileID: 100100000, guid: 7842bf1746912654bab3b064120666c2, type: 3}
--- !u!1 &4949813585201099228 stripped
GameObject:
  m_CorrespondingSourceObject: {fileID: 470320894014896825, guid: 7842bf1746912654bab3b064120666c2, type: 3}
  m_PrefabInstance: {fileID: 4771475189158628197}
  m_PrefabAsset: {fileID: 0}
--- !u!114 &4312702064704601814 stripped
MonoBehaviour:
  m_CorrespondingSourceObject: {fileID: 8786070745629095347, guid: 7842bf1746912654bab3b064120666c2, type: 3}
  m_PrefabInstance: {fileID: 4771475189158628197}
  m_PrefabAsset: {fileID: 0}
  m_GameObject: {fileID: 4949813585201099228}
  m_Enabled: 1
  m_EditorHideFlags: 0
  m_Script: {fileID: 11500000, guid: 9085046f02f69544eb97fd06b6048fe2, type: 3}
  m_Name: 
  m_EditorClassIdentifier: 
--- !u!1 &4949813585997210029 stripped
GameObject:
  m_CorrespondingSourceObject: {fileID: 470320893200427720, guid: 7842bf1746912654bab3b064120666c2, type: 3}
  m_PrefabInstance: {fileID: 4771475189158628197}
  m_PrefabAsset: {fileID: 0}
--- !u!114 &4949813585997210027 stripped
MonoBehaviour:
  m_CorrespondingSourceObject: {fileID: 470320893200427726, guid: 7842bf1746912654bab3b064120666c2, type: 3}
  m_PrefabInstance: {fileID: 4771475189158628197}
  m_PrefabAsset: {fileID: 0}
  m_GameObject: {fileID: 4949813585997210029}
  m_Enabled: 1
  m_EditorHideFlags: 0
  m_Script: {fileID: 11500000, guid: fe87c0e1cc204ed48ad3b37840f39efc, type: 3}
  m_Name: 
  m_EditorClassIdentifier: 
