%YAML 1.1
%TAG !u! tag:unity3d.com,2011:
--- !u!1 &6392311480799617874
GameObject:
  m_ObjectHideFlags: 0
  m_CorrespondingSourceObject: {fileID: 0}
  m_PrefabInstance: {fileID: 0}
  m_PrefabAsset: {fileID: 0}
  serializedVersion: 6
  m_Component:
  - component: {fileID: 6388202214644848125}
  - component: {fileID: 7694815561885477753}
  - component: {fileID: 9189791221664116253}
  - component: {fileID: 2200504806972721114}
  m_Layer: 0
  m_Name: Paralax
  m_TagString: Untagged
  m_Icon: {fileID: 0}
  m_NavMeshLayer: 0
  m_StaticEditorFlags: 0
  m_IsActive: 1
--- !u!4 &6388202214644848125
Transform:
  m_ObjectHideFlags: 0
  m_CorrespondingSourceObject: {fileID: 0}
  m_PrefabInstance: {fileID: 0}
  m_PrefabAsset: {fileID: 0}
  m_GameObject: {fileID: 6392311480799617874}
  m_LocalRotation: {x: -0, y: -0, z: -0, w: 1}
  m_LocalPosition: {x: 0, y: 0, z: 0}
  m_LocalScale: {x: 1, y: 1, z: 1}
  m_Children: []
  m_Father: {fileID: 0}
  m_RootOrder: 0
  m_LocalEulerAnglesHint: {x: 0, y: 0, z: 0}
--- !u!114 &7694815561885477753
MonoBehaviour:
  m_ObjectHideFlags: 0
  m_CorrespondingSourceObject: {fileID: 0}
  m_PrefabInstance: {fileID: 0}
  m_PrefabAsset: {fileID: 0}
  m_GameObject: {fileID: 6392311480799617874}
  m_Enabled: 1
  m_EditorHideFlags: 0
  m_Script: {fileID: 11500000, guid: ebae119b1c4401d40a1eb1d738526fe1, type: 3}
  m_Name: 
  m_EditorClassIdentifier: 
  nextMove: {fileID: 0}
  onPositionUpdated:
    m_PersistentCalls:
      m_Calls: []
  onObjectMoved:
    m_PersistentCalls:
      m_Calls:
      - m_Target: {fileID: 2200504806972721114}
        m_TargetAssemblyTypeName: 
        m_MethodName: MoveEnds
        m_Mode: 0
        m_Arguments:
          m_ObjectArgument: {fileID: 0}
          m_ObjectArgumentAssemblyTypeName: UnityEngine.Object, UnityEngine
          m_IntArgument: 0
          m_FloatArgument: 0
          m_StringArgument: 
          m_BoolArgument: 0
        m_CallState: 2
  paralax: {x: -0.1, y: -0.1}
--- !u!114 &9189791221664116253
MonoBehaviour:
  m_ObjectHideFlags: 0
  m_CorrespondingSourceObject: {fileID: 0}
  m_PrefabInstance: {fileID: 0}
  m_PrefabAsset: {fileID: 0}
  m_GameObject: {fileID: 6392311480799617874}
  m_Enabled: 1
  m_EditorHideFlags: 0
  m_Script: {fileID: 11500000, guid: eafb93397fd5818469ab32a0d2580456, type: 3}
  m_Name: 
  m_EditorClassIdentifier: 
  lines: {fileID: 2200504806972721114}
  origin: 0
  paralax: 0.1
--- !u!114 &2200504806972721114
MonoBehaviour:
  m_ObjectHideFlags: 0
  m_CorrespondingSourceObject: {fileID: 0}
  m_PrefabInstance: {fileID: 0}
  m_PrefabAsset: {fileID: 0}
  m_GameObject: {fileID: 6392311480799617874}
  m_Enabled: 1
  m_EditorHideFlags: 0
  m_Script: {fileID: 11500000, guid: 613d4683d0d09a44d8d34a4beed49d1e, type: 3}
  m_Name: 
  m_EditorClassIdentifier: 
  lines: []
